@Article{Sultanova2013,
author={Sultanova, N. G.
and Kasarova, S. N.
and Nikolov, I. D.},
title={Characterization of optical properties of optical polymers},
journal={Optical and Quantum Electronics},
year={2013},
month={Mar},
day={01},
volume={45},
number={3},
pages={221-232},
abstract={Possible applications of polymer materials in optical systems and devices are defined mainly by their optical properties in terms of refractive indices, transmission, dispersion and thermo-optic coefficients. We have examined more than twenty types of optical plastics including basic, commercial and some new development materials. Detailed measured refractometric data and transmission spectra in the visible and near infrared regions are presented. Variation of refractive indices with temperature is considered to obtain the thermo-optic coefficients. Discussion on dispersion of studied optical polymers and comparison to glass is included on the base of a number of dispersive characteristics and curves.},
issn={1572-817X},
doi={10.1007/s11082-012-9616-6},
url={https://doi.org/10.1007/s11082-012-9616-6}
}

@book{huggins1999physics2000,
  title={Physics2000},
  author={Huggins, Elisha R},
  year={1999},
  publisher={Moose Mountain Digital Press}
}

@article{debieu2013structural,
  title={Structural and optical characterization of pure Si-rich nitride thin films},
  author={Debieu, Olivier and Nalini, Ramesh Pratibha and Cardin, Julien and Portier, Xavier and Perri{\`e}re, Jacques and Gourbilleau, Fabrice},
  journal={Nanoscale research letters},
  volume={8},
  number={1},
  pages={1--13},
  year={2013},
  publisher={SpringerOpen}
}

@article{bovard1990rugate,
  title={Rugate filter design: the modified Fourier transform technique},
  author={Bovard, Bertrand G},
  journal={Applied Optics},
  volume={29},
  number={1},
  pages={24--30},
  year={1990},
  publisher={Optica Publishing Group}
}

@article{ohlidal2019optical,
  title={Optical characterization of inhomogeneous thin films containing transition layers using the combined method of spectroscopic ellipsometry and spectroscopic reflectometry based on multiple-beam interference model},
  author={Ohl{\'\i}dal, Ivan and Voh{\'a}nka, Ji{\v{r}}{\'\i} and Bur{\v{s}}{\'\i}kov{\'a}, Vilma and {\v{Z}}en{\'\i}{\v{s}}ek, Jaroslav and Va{\v{s}}ina, Petr and {\v{C}}erm{\'a}k, Martin and Franta, Daniel},
  journal={Journal of Vacuum Science \& Technology B, Nanotechnology and Microelectronics: Materials, Processing, Measurement, and Phenomena},
  volume={37},
  number={6},
  pages={062921},
  year={2019},
  publisher={American Vacuum Society}
}

@article{niklasson1985noble,
  title={Noble-metal-based transparent infrared reflectors: Improved performance caused by nonhomogeneous film structure},
  author={Niklasson, GA and Granqvist, CG},
  journal={Applied physics letters},
  volume={46},
  number={8},
  pages={713--715},
  year={1985},
  publisher={American Institute of Physics}
}

@article{smith1985surface,
  title={Surface structure and the optical properties of black chrome},
  author={Smith, GB and McPhedran, RC and Derrick, GH},
  journal={Applied Physics A},
  volume={36},
  number={4},
  pages={193--204},
  year={1985},
  publisher={Springer}
}

@article{missori2004optical,
  title={Optical reflectance spectroscopy of ancient papers with discoloration or foxing},
  author={Missori, Mauro and Righini, Marcofabio and Selci, Stefano},
  journal={Optics communications},
  volume={231},
  number={1-6},
  pages={99--106},
  year={2004},
  publisher={Elsevier}
}

@article{missori2006modifications,
  title={Modifications of the mesoscopic structure of cellulose in paper degradation},
  author={Missori, Mauro and Mondelli, Claudia and De Spirito, Marco and Castellano, Carlo and Bicchieri, Marina and Schweins, Ralf and Arcovito, Giuseppe and Papi, Massimiliano and Castellano, Agostina Congiu},
  journal={Physical review letters},
  volume={97},
  number={23},
  pages={238001},
  year={2006},
  publisher={APS}
}

@book{katz2002introduction,
  title={Introduction to geometrical optics},
  author={Katz, Milton},
  year={2002},
  publisher={World scientific}
}

@article{AStar1963,
title = {Gravitation theory in three-dimensional space},
author = {Staruszkiewicz, A},
journal = {Acta Phys. Polonica},
volume = {Vol: 24},
pages = {735-740},
year = {1963},
month = {12},
url = {https://www.osti.gov/biblio/4101075},
place = {Poland, Cracow},
}

@book{TeoriaPolaLifszyc,
title = {Teoria pola},
author = {Laudau, D. L. and Lifszyc, J.},
year = {2009},
publisher={PWN},
}

@book{elsgolc2012calculus,
  title={Calculus of variations},
  author={Elsgolc, Lev D},
  year={2012},
  publisher={Courier Corporation}
}

@book{dacorogna2014introduction,
  title={Introduction to the Calculus of Variations},
  author={Dacorogna, Bernard},
  year={2014},
  publisher={World Scientific Publishing Company}
}

@book{goldstine2012history,
  title={A History of the Calculus of Variations from the 17th through the 19th Century},
  author={Goldstine, Herman Heine},
  volume={5},
  year={2012},
  publisher={Springer Science \& Business Media}
}

@book{giaquinta2013calculus,
  title={Calculus of variations II},
  author={Giaquinta, Mariano and Hildebrandt, Stefan},
  volume={311},
  year={2013},
  publisher={Springer Science \& Business Media}
}

@article{bogacki19893,
  title={A 3 (2) pair of Runge-Kutta formulas},
  author={Bogacki, Przemyslaw and Shampine, Lawrence F},
  journal={Applied Mathematics Letters},
  volume={2},
  number={4},
  pages={321--325},
  year={1989},
  publisher={Elsevier}
}

@article{ralston1962runge,
  title={Runge-Kutta methods with minimum error bounds},
  author={Ralston, Anthony},
  journal={Mathematics of computation},
  volume={16},
  number={80},
  pages={431--437},
  year={1962},
  publisher={JSTOR}
}

@article{rojas2014straight,
  title={The straight line, the catenary, the brachistochrone, the circle, and Fermat},
  author={Rojas, Raul},
  journal={arXiv preprint arXiv:1401.2660},
  year={2014}
}

@book{born2013principles,
  title={Principles of optics: electromagnetic theory of propagation, interference and diffraction of light},
  author={Born, Max and Wolf, Emil},
  year={2013},
  publisher={Elsevier}
}

@article{malitson1965interspecimen,
  title={Interspecimen comparison of the refractive index of fused silica},
  author={Malitson, Ian H},
  journal={Josa},
  volume={55},
  number={10},
  pages={1205--1209},
  year={1965},
  publisher={Optical Society of America}
}

@article{kusy1976structure,
  title={On the structure and conduction mechanism of thick resistive films},
  author={Kusy, Andrzej},
  journal={Thin Solid Films},
  volume={37},
  number={3},
  pages={281--302},
  year={1976},
  publisher={Elsevier}
}